[1] G. Grégoire, H. Chaté, and Y. Tu, ‘Moving and staying together without a leader’, Physica D: Nonlinear Phenomena, vol. 181, no. 3–4, pp. 157–170, July 2003, doi: 10.1016/S0167-2789(03)00102-7.
